@Manual{R-base,
  title = {R: A Language and Environment for Statistical Computing},
  author = {{R Core Team}},
  organization = {R Foundation for Statistical Computing},
  address = {Vienna, Austria},
  year = {2022},
  url = {https://www.R-project.org/},
}

@Manual{R-bookdown,
  title = {bookdown: Authoring Books and Technical Documents with R Markdown},
  author = {Yihui Xie},
  year = {2022},
  note = {R package version 0.31},
  url = {https://CRAN.R-project.org/package=bookdown},
}

@Manual{R-ggplot2,
  title = {ggplot2: Create Elegant Data Visualisations Using the Grammar of Graphics},
  author = {Hadley Wickham and Winston Chang and Lionel Henry and Thomas Lin Pedersen and Kohske Takahashi and Claus Wilke and Kara Woo and Hiroaki Yutani and Dewey Dunnington},
  year = {2022},
  note = {R package version 3.4.0},
  url = {https://CRAN.R-project.org/package=ggplot2},
}

@Manual{R-phyloseq,
  title = {phyloseq: Handling and analysis of high-throughput microbiome census data},
  author = {Paul J. McMurdie and Susan Holmes and with contributions from Gregory Jordan and Scott Chamberlain},
  year = {2022},
  note = {R package version 1.42.0},
  url = {http://dx.plos.org/10.1371/journal.pone.0061217},
}

@Manual{R-webexercises,
  title = {webexercises: Create Interactive Web Exercises in R Markdown (Formerly
webex)},
  author = {Dale Barr and Lisa DeBruine},
  year = {2021},
  note = {R package version 1.0.0},
  url = {https://github.com/psyteachr/webexercises},
}

@Book{bookdown2016,
  title = {bookdown: Authoring Books and Technical Documents with {R} Markdown},
  author = {Yihui Xie},
  publisher = {Chapman and Hall/CRC},
  address = {Boca Raton, Florida},
  year = {2016},
  note = {ISBN 978-1138700109},
  url = {https://bookdown.org/yihui/bookdown},
}

@Book{ggplot22016,
  author = {Hadley Wickham},
  title = {ggplot2: Elegant Graphics for Data Analysis},
  publisher = {Springer-Verlag New York},
  year = {2016},
  isbn = {978-3-319-24277-4},
  url = {https://ggplot2.tidyverse.org},
}

@Article{phyloseq2013,
  author = {Paul J. McMurdie and Susan Holmes},
  journal = {PLoS ONE},
  pages = {e61217},
  title = {phyloseq: An R package for reproducible interactive analysis and graphics of microbiome census data},
  volume = {8},
  number = {4},
  year = {2013},
  url = {http://dx.plos.org/10.1371/journal.pone.0061217},
}

